@article{Sharpe1964,
  title={Capital Asset Prices: A Theory of Market Equilibrium under Conditions of Risk},
  author={Sharpe, William F.},
  journal={The Journal of Finance},
  volume={19},
  number={3},
  pages={425--442},
  year={1964},
  publisher={Wiley Online Library}
}

@article{Ross1976,
  title={The Arbitrage Theory of Capital Asset Pricing},
  author={Ross, Stephen A.},
  journal={Journal of Economic Theory},
  volume={13},
  number={3},
  pages={341--360},
  year={1976},
  publisher={Elsevier}
}

@article{Fama1993,
  title={Common Risk Factors in the Returns on Stocks and Bonds},
  author={Fama, Eugene F. and French, Kenneth R.},
  journal={Journal of Financial Economics},
  volume={33},
  number={1},
  pages={3--56},
  year={1993},
  publisher={Elsevier}
}

@article{Abadie2010,
  title={Synthetic Control Methods for Comparative Case Studies: Estimating the Effect of California's Tobacco Control Program},
  author={Abadie, Alberto and Diamond, Alexis and Hainmueller, Jens},
  journal={Journal of the American Statistical Association},
  volume={105},
  number={490},
  pages={493--505},
  year={2010},
  publisher={Taylor \& Francis}
}
