@ARTICLE{gecko0,title={Stock Price Reaction to News and No-news: Drift and Reversal After Headlines},year={2005},author={Chan},doi={10.2139/ssrn.262452},journal={SSRN Electronic Journal}}
@ARTICLE{gecko1,title={Tests of analysts' overreaction / underreaction to earnings information as an explanation for anomalous stock price behavior},year={1992},author={Jeffery S Abarbanell},doi={10.1111/j.1540-6261.1992.tb04010.x},journal={Journal of Finance}}
@ARTICLE{gecko7,title={The new issues puzzle},year={1995},author={Tim Loughran},doi={10.2307/2329238},journal={The Journal of Finance}}
@ARTICLE{gecko9,title={Price reactions to dividend initiations and omissions: Overreaction or drift?},year={1995},author={Roni Michaely},doi={10.1111/j.1540-6261.1995.tb04796.x},journal={Journal of Finance}}
@ARTICLE{gecko11,title={The impact of public information on the stock market},year={1994},author={Mark L Mitchell},doi={10.1111/j.1540-6261.1994.tb00083.x},journal={Journla of Finance}}
@ARTICLE{gecko14,title={The long-run performance of initial public offerings},year={1991},author={Jay R Ritter},doi={10.1111/j.1540-6261.1991.tb03743.x},journal={Journal of Finance}}
@ARTICLE{gecko29,title={Economic Linkages Inferred from News Stories and the Predictability of Stock Returns},year={2013},author={Scherbina},doi={10.2139/ssrn.2363436},journal={SSRN Electronic Journal}}
@ARTICLE{gecko30,title={Connected stocks},year={2014},author={Miguel Anton},doi={10.1111/jofi.12149},journal={Journal of Finance}}
@ARTICLE{gecko48,title={The Network of Firms Implied by the News},year={2021},author={Schwenkler},doi={10.2139/ssrn.3664879},journal={SSRN Electronic Journal}}
@ARTICLE{gecko49,title={Asset Embeddings},year={2023},author={Gabaix},doi={10.2139/ssrn.4507511},journal={SSRN Electronic Journal}}
@ARTICLE{gecko76,title={Empirical asset pricing via machine learning},year={2020},author={Shihao Gu},doi={10.1093/rfs/hhaa009},journal={The Review of Financial Studies}}
@ARTICLE{gecko83,title={Characteristics are covariances: A unified model of risk and return},year={2019},author={Bryan T Kelly},doi={10.1016/j.jfineco.2019.05.001},journal={Journal of Financial Economics}}
@ARTICLE{gecko100,title={Attention Is All You Need},year={2017},author={Ashish Vaswani},doi={null},journal={31st Conference on Neural Information Processing Systems}}
@ARTICLE{gecko117,title={Networks of News and the Cross-Sectional Returns},year={2021},author={Hu},doi={10.2139/ssrn.3904012},journal={SSRN Electronic Journal}}
@ARTICLE{gecko122,title={Is All That Talk Just Noise? The Information Content of Internet Stock Message Boards},year={2004},author={W Antweiler},doi={10.1111/j.1540-6261.2004.00662.x},journal={The Journal of Finance}}
@ARTICLE{gecko168,title={Stock Price Prediction using Deep Learning},year={2019},author={Tipirisetty},doi={10.31979/etd.bzmm-36m7},journal={}}
@ARTICLE{gecko169,title={Deep Learning for Stock Market Prediction Using Event Embedding and Technical Indicators},year={2018},author={Oncharoen},doi={10.1109/icaicta.2018.8541310},journal={2018 5th International Conference on Advanced Informatics: Concept Theory and Applications (ICAICTA)}}
@ARTICLE{gecko182,title={Textual analysis of stock market prediction using breaking financial news},year={2009},author={Schumaker},doi={10.1145/1462198.1462204},journal={ACM Transactions on Information Systems}}
@ARTICLE{gecko194,title={Giving Content to Investor Sentiment: The Role of Media in the Stock Market},year={2007},author={TETLOCK},doi={10.1111/j.1540-6261.2007.01232.x},journal={The Journal of Finance}}
@ARTICLE{gecko199,title={Is Sound Just Noise?},year={2001},author={Coval},doi={10.1111/0022-1082.00393},journal={The Journal of Finance}}
@ARTICLE{gecko200,title={What moves stock prices?},year={1989},author={Cutler},doi={10.3905/jpm.1989.409212},journal={The Journal of Portfolio Management}}
@ARTICLE{gecko225,title={Twitter mood predicts the stock market},year={2011},author={Bollen},doi={10.1016/j.jocs.2010.12.007},journal={Journal of Computational Science}}
@ARTICLE{gecko285,title={Media Coverage and the Cross-Section of Stock Returns},year={2011},author={Fang},doi={10.2139/ssrn.971202},journal={SSRN Electronic Journal}}
@ARTICLE{gecko323,title={When Is a Liability Not a Liability? Textual Analysis, Dictionaries, and 10‐Ks},year={2011},author={LOUGHRAN},doi={10.1111/j.1540-6261.2010.01625.x},journal={The Journal of Finance}}
@ARTICLE{gecko331,title={Costly Information Processing: Evidence from Earnings Announcements},year={2011},author={Engelberg},doi={10.2139/ssrn.1107998},journal={SSRN Electronic Journal}}
@ARTICLE{gecko336,title={Investor response to form 10-k and form 10-q edgar filings},year={2003},author={Griffin},doi={10.1023/A:1027351630866},journal={Review of Accounting Studies}}
@ARTICLE{gecko337,title={The Information Content of IPO Prospectuses},year={2010},author={Hanley},doi={10.1093/rfs/hhq024},journal={Review of Financial Studies}}
@ARTICLE{gecko350,title={More Than Words: Quantifying Language to Measure Firms' Fundamentals},year={2008},author={TETLOCK},doi={10.1111/j.1540-6261.2008.01362.x},journal={The Journal of Finance}}
@ARTICLE{gecko360,title={Word Power: A New Approach for Content Analysis},year={2012},author={Jegadeesh},doi={10.2139/ssrn.1787273},journal={SSRN Electronic Journal}}
@ARTICLE{gecko371,title={Measuring Economic Policy Uncertainty},year={2015},author={Baker},doi={10.3386/w21633},journal={null}}
@ARTICLE{gecko372,title={Predicting Returns With Text Data},year={2019},author={Ke},doi={10.3386/w26186},journal={SSRN Electronic Journal}}
@ARTICLE{gecko375,title={Information, trading, and volatility: Evidence from firm-specific news},year={2019},author={Jacob Boudoukh},doi={10.1093/rfs/hhy083},journal={The Review of Financial Studies}}
@ARTICLE{gecko381,title={What Triggers Stock Market Jumps?},year={2021},author={Baker},doi={10.3386/w28687},journal={SSRN Electronic Journal}}
@ARTICLE{gecko382,title={What Triggers Stock Market Jumps?},year={2021},author={R. Baker},doi={10.2139/ssrn.3821973},journal={SSRN Electronic Journal}}
@ARTICLE{gecko383,title={Business News and Business Cycles},year={2021},author={Bybee},doi={10.3386/w29344},journal={SSRN Electronic Journal}}
@ARTICLE{gecko384,title={Can ChatGPT Forecast Stock Price Movements? Return Predictability and Large Language Models},year={2023},author={Lopez-Lira},doi={10.2139/ssrn.4412788},journal={SSRN Electronic Journal}}
@ARTICLE{gecko390,title={Measuring economic policy uncertainty},year={2016},author={Scott R Baker},doi={10.1093/qje/qjw024},journal={Quarterly Journal of Economics}}
@ARTICLE{gecko391,title={Post-earnings-announcement drift: delayed price response or risk premium?},year={1989},author={Bernard},doi={10.2307/2491062},journal={Journal of Accounting Research}}
@ARTICLE{gecko408,title={Sentiment during Recessions},year={2013},author={Diego Garcia},doi={10.1111/jofi.12027},journal={The Journal of Finance}}
@ARTICLE{gecko414,title={Transparency and Deliberation Within the FOMC: A Computational Linguistics Approach},year={2018},author={Stephen Hansen},doi={10.1093/qje/qjx045},journal={The Quarterly Journal of Economics}}
@ARTICLE{gecko417,title={Word power: A new approach for content analysis},year={2013},author={Narasimhan Jegadeesh},doi={10.1016/j.jfineco.2013.08.018},journal={Journal of Financial Economics}}
@ARTICLE{gecko430,title={News implied volatility and disaster concerns},year={2017},author={Asaf Manela},doi={10.1016/j.jfineco.2016.01.032},journal={Journal of Financial Economics}}
@ARTICLE{gecko439,title={All the News That's Fit to Reprint: Do Investors React to Stale Information?},year={2011},author={Tetlock},doi={10.1093/rfs/hhq141},journal={The Review of Financial Studies}}
@ARTICLE{gecko446,title={Can ChatGPT Predict Stock Market Price Movements?},year={2024},author={Singh},doi={10.6025/jdim/2024/22/3/91-98},journal={Journal of Digital Information Management}}
@ARTICLE{gecko729,title={Does the Stock Market Overreact?},year={1985},author={De BONDT},doi={10.1111/j.1540-6261.1985.tb05004.x},journal={The Journal of Finance}}
@ARTICLE{gecko738,title={Investor Sentiment and the Closed‐End Fund Puzzle},year={1991},author={LEE},doi={10.1111/j.1540-6261.1991.tb03746.x},journal={The Journal of Finance}}
@ARTICLE{gecko758,title={Quarterly Dividend and Earnings Announcements and Stockholders' Returns: An Empirical Analysis},year={1980},author={AHARONY},doi={10.1111/j.1540-6261.1980.tb03466.x},journal={The Journal of Finance}}
@ARTICLE{gecko779,title={Market Underreaction to Open Market Share Repurchases},year={2007},author={Ikenberry},doi={10.3386/w4965},journal={Journal of Financial Economics}}
@ARTICLE{gecko782,title={The New Issues Puzzle},year={1995},author={LOUGHRAN},doi={10.1111/j.1540-6261.1995.tb05166.x},journal={The Journal of Finance}}
@ARTICLE{gecko843,title={Financial Machine Learning},year={2023},author={Kelly},doi={10.3386/w31502},journal={SSRN Electronic Journal}}
@ARTICLE{gecko845,title={Empirical Asset Pricing via Machine Learning},year={2018},author={Gu},doi={10.3386/w25398},journal={SSRN Electronic Journal}}
@ARTICLE{gecko847,title={Autoencoder Asset Pricing Models},year={2019},author={Gu},doi={10.2139/ssrn.3335536},journal={SSRN Electronic Journal}}
@ARTICLE{gecko903,title={(Re-)Imag(in)ing Price Trends},year={2021},author={Jiang},doi={10.2139/ssrn.3756587},journal={SSRN Electronic Journal}}
@ARTICLE{gecko953,title={What drives media slant? evidence from us daily newspapers},year={2010},author={Matthew Gentzkow},doi={10.3982/ECTA7195},journal={Econometrica}}
@ARTICLE{gecko963,title={The market for news},year={2005},author={Sendhil Mullainathan},doi={10.1257/0002828054825619},journal={American economic review}}
@ARTICLE{gecko1036,title={Do US Stock Markets Typically Overreact to Corporate News Stories?},year={2011},author={Antweiler},doi={10.2139/ssrn.878091},journal={SSRN Electronic Journal}}
@ARTICLE{gecko1039,title={Stock price reaction to news and no-news: drift and reversal after headlines},year={2003},author={Chan},doi={10.1016/S0304-405X(03)00146-6},journal={Journal of Financial Economics}}
@ARTICLE{gecko1051,title={Return predictability following large price changes and information releases},year={2001},author={Pritamani},doi={10.1016/S0378-4266(00)00091-1},journal={Journal of Banking &amp; Finance}}
@ARTICLE{gecko1060,title={All that glitters: the effect of attention and news on the buying behavior of individual and institutional investors},year={2008},author={Barber,},doi={10.1093/rfs/hhm079},journal={Review of Financial Studies}}
@ARTICLE{gecko1075,title={Investor psychology and security market under- and overreactions},year={1998},author={Daniel,},doi={10.1111/0022-1082.00077},journal={Journal of Finance}}
@ARTICLE{gecko1087,title={Stock return variances: The arrival of information and reaction of traders},year={1986},author={French,},doi={10.1016/0304-405X(86)90004-8},journal={Journal of Financial Economics}}
@ARTICLE{gecko1091,title={How important is the financial media in global markets?},year={2011},author={Griffin,},doi={10.1093/rfs/hhr099},journal={Review of Financial Studies}}
@ARTICLE{gecko1124,title={Does public financial news resolve asymmetric information?},year={2010},author={Tetlock,},doi={10.1093/rfs/hhq052},journal={Review of Financial Studies}}
@ARTICLE{gecko1168,title={Uncertainty about government policy and stock prices},year={2012},author={Pastor},doi={10.1111/j.1540-6261.2012.01746.x},journal={Journal of Finance}}
@ARTICLE{gecko1367,title={A model of investor sentiment1We are grateful to the NSF for financial support, and to Oliver Blanchard, Alon Brav, John Campbell (a referee), John Cochrane, Edward Glaeser, J.B. Heaton, Danny Kahneman, David Laibson, Owen Lamont, Drazen Prelec, Jay Ritter (a referee), Ken Singleton, Dick Thaler, an anonymous referee, and the editor, Bill Schwert, for comments.1},year={1998},author={Barberis},doi={10.1016/S0304-405X(98)00027-0},journal={Journal of Financial Economics}}
@ARTICLE{gecko1406,title={Price reactions to dividend initiations and omissions},year={1995},author={Michaely},doi={10.2307/2329420},journal={Journal of Finance}}
@ARTICLE{gecko1407,title={The impact of public information on the stock market},year={1994},author={Mitchell},doi={10.2307/2329211},journal={Journal of Finance}}
@ARTICLE{gecko1870,title={Surveying Generative AI's Economic Expectations},year={2023},author={Bybee},doi={10.2139/ssrn.4430515},journal={SSRN Electronic Journal}}
@ARTICLE{gecko1897,title={Narrative Asset Pricing: Interpretable Systematic Risk Factors from News Text},year={2021},author={Bybee},doi={10.2139/ssrn.3895277},journal={SSRN Electronic Journal}}
@ARTICLE{gecko2242,title={Stock Trend Prediction using Financial Market News and BERT},year={2020},author={Wei},doi={10.5220/0010172103250332},journal={Proceedings of the 12th International Joint Conference on Knowledge Discovery, Knowledge Engineering and Knowledge Management}}
@ARTICLE{gecko2243,title={BERT-Based Stock Market Sentiment Analysis},year={2020},author={Lee},doi={10.1109/icce-taiwan49838.2020.9258102},journal={2020 IEEE International Conference on Consumer Electronics - Taiwan (ICCE-Taiwan)}}
@ARTICLE{gecko2249,title={What Do European Futures Look Like According to Fine-Tuned Gpt-3, Prompt-Tuned Gpt-3.5, and Few-Shot Prompted Gpt-4?},year={2024},author={Kozachek},doi={10.2139/ssrn.4767192},journal={}}
@ARTICLE{gecko2350,title={Strategic Business Insights through Enhanced Financial Sentiment Analysis: A Fine-Tuned Llama 2 Approach},year={2024},author={Agarwal},doi={10.1109/icict60155.2024.10544544},journal={2024 International Conference on Inventive Computation Technologies (ICICT)}}
