@misc{bowen2024measuring,
  title={Measuring and Mitigating Racial Disparities in Large Language Model Mortgage Underwriting},
  author={Bowen, Donald E and Stein, Luke CD and Price, S McKay and Yang, Ke},
  year={2024}
}