@article{Gatev2006,
  title = {Pairs Trading: Performance of a Relative-Value Arbitrage Rule},
  volume = {19},
  ISSN = {1465-7368},
  url = {http://dx.doi.org/10.1093/rfs/hhj020},
  DOI = {10.1093/rfs/hhj020},
  number = {3},
  journal = {Review of Financial Studies},
  publisher = {Oxford University Press (OUP)},
  author = {Gatev,  Evan and Goetzmann,  William N. and Rouwenhorst,  K. Geert},
  year = {2006},
  pages = {797-827}
}

@article{Do2010,
  title = {Does Simple Pairs Trading Still Work?},
  volume = {66},
  ISSN = {1938-3312},
  url = {http://dx.doi.org/10.2469/faj.v66.n4.1},
  DOI = {10.2469/faj.v66.n4.1},
  number = {4},
  journal = {Financial Analysts Journal},
  publisher = {Informa UK Limited},
  author = {Do,  Binh and Faff,  Robert},
  year = {2010},
  month = jul,
  pages = {83-95}
}