@techreport{ke2019predicting,
  title={Predicting returns with text data},
  author={Ke, Zheng Tracy and Kelly, Bryan T and Xiu, Dacheng},
  year={2019},
  institution={National Bureau of Economic Research}
}

@article{pesaran1992simple,
  title={A simple nonparametric test of predictive performance},
  author={Pesaran, M Hashem and Timmermann, Allan},
  journal={Journal of Business \& Economic Statistics},
  volume={10},
  number={4},
  pages={461--465},
  year={1992},
  publisher={Taylor \& Francis}
}

@article{pesaran1994generalization,
  title={A generalization of the non-parametric Henriksson-Merton test of market timing},
  author={Pesaran, M Hashem and Timmermann, Allan G},
  journal={Economics Letters},
  volume={44},
  number={1-2},
  pages={1--7},
  year={1994},
  publisher={Elsevier}
}


@article{chen2022expected,
  title={Expected returns and large language models},
  author={Chen, Yifei and Kelly, Bryan T and Xiu, Dacheng},
  journal={Available at SSRN 4416687},
  year={2022}
}


@article{jegadeesh2013word,
  title={Word power: A new approach for content analysis},
  author={Jegadeesh, Narasimhan and Wu, Di},
  journal={Journal of Financial Economics},
  volume={110},
  number={3},
  pages={712--729},
  year={2013},
  publisher={Elsevier}
}


@techreport{bybee2021business,
  title={Business news and business cycles},
  author={Bybee, J Leland and Kelly, Bryan T and Manela, Asaf and Xiu, Dacheng},
  year={2021},
  institution={National Bureau of Economic Research}
}


@article{bybee2023ghost,
  title={The ghost in the machine: Generating beliefs with large language models},
  author={Bybee, J Leland},
  journal={arXiv preprint arXiv:2305.02823},
  year={2023}
}

@article{kelly2021text,
  title={Text selection},
  author={Kelly, Bryan T and Manela, Asaf and Moreira, Alan},
  journal={Journal of Business \& Economic Statistics},
  volume={39},
  number={4},
  pages={859--879},
  year={2021},
  publisher={Taylor \& Francis}
}

@article{baker2016measuring,
  title={Measuring economic policy uncertainty},
  author={Baker, Scott R and Bloom, Nicholas and Davis, Steven J},
  journal={The Quarterly Journal of Economics},
  volume={131},
  number={4},
  pages={1593--1636},
  year={2016},
  publisher={Oxford University Press}
}

@techreport{baker2021triggers,
  title={What triggers stock market jumps?},
  author={Baker, Scott and Bloom, Nicholas and Davis, Steven J and Sammon, Marco C},
  year={2021},
  institution={National Bureau of Economic Research Cambridge}
}



@article{larsen2019value,
  title={The value of news for economic developments},
  author={Larsen, Vegard H and Thorsrud, Leif A},
  journal={Journal of Econometrics},
  volume={210},
  number={1},
  pages={203--218},
  year={2019},
  publisher={Elsevier}
}


@article{thorsrud2020words,
  title={Words are the new numbers: A newsy coincident index of the business cycle},
  author={Thorsrud, Leif Anders},
  journal={Journal of Business \& Economic Statistics},
  volume={38},
  number={2},
  pages={393--409},
  year={2020},
  publisher={Taylor \& Francis}
}


@article{manela2017news,
  title={News implied volatility and disaster concerns},
  author={Manela, Asaf and Moreira, Alan},
  journal={Journal of Financial Economics},
  volume={123},
  number={1},
  pages={137--162},
  year={2017},
  publisher={Elsevier}
}


@article{kim2023bloated,
  title={Bloated Disclosures: Can ChatGPT Help Investors Process Financial Information?},
  author={Kim, Alex and Muhn, Maximilian and Nikolaev, Valeri},
  journal={arXiv preprint arXiv:2306.10224},
  year={2023}
}

@article{lopez2023can,
  title={Can ChatGPT forecast stock price movements? return predictability and large language models},
  author={Lopez-Lira, Alejandro and Tang, Yuehua},
  journal={arXiv preprint arXiv:2304.07619},
  year={2023}
}

@article{chen2023chatgpt,
  title={ChatGPT, Stock Market Predictability and Links to the Macroeconomy},
  author={Chen, Jian and Tang, Guohao and Zhou, Guofu and Zhu, Wu},
  journal={Available at SSRN 4660148},
  year={2023}
}


@article{jiang2021pervasive,
  title={Pervasive underreaction: Evidence from high-frequency data},
  author={Jiang, Hao and Li, Sophia Zhengzi and Wang, Hao},
  journal={Journal of Financial Economics},
  volume={141},
  number={2},
  pages={573--599},
  year={2021},
  publisher={Elsevier}
}

@article{chen2023chatgpt,
  title={ChatGPT, Stock Market Predictability and Links to the Macroeconomy},
  author={Chen, Jian and Tang, Guohao and Zhou, Guofu and Zhu, Wu},
  journal={Available at SSRN 4660148},
  year={2023}
}

@article{tetlock2007giving,
  title={Giving content to investor sentiment: The role of media in the stock market},
  author={Tetlock, Paul C},
  journal={The Journal of Finance},
  volume={62},
  number={3},
  pages={1139--1168},
  year={2007},
  publisher={Wiley Online Library}
}

@article{fang2009media,
  title={Media coverage and the cross-section of stock returns},
  author={Fang, Lily and Peress, Joel},
  journal={The Journal of Finance},
  volume={64},
  number={5},
  pages={2023--2052},
  year={2009},
  publisher={Wiley Online Library}
}

@article{bollen2011twitter,
  title={Twitter mood predicts the stock market},
  author={Bollen, Johan and Mao, Huina and Zeng, Xiaojun},
  journal={Journal of Computational Science},
  volume={2},
  number={1},
  pages={1--8},
  year={2011},
  publisher={Elsevier}
}

@article{jegadeesh2013word,
  title={Word power: A new approach for content analysis},
  author={Jegadeesh, Narasimhan and Wu, Di},
  journal={Journal of financial economics},
  volume={110},
  number={3},
  pages={712--729},
  year={2013},
  publisher={Elsevier}
}



@article{vaswani2017attention,
  title={Attention is all you need},
  author={Vaswani, Ashish and Shazeer, Noam and Parmar, Niki and Uszkoreit, Jakob and Jones, Llion and Gomez, Aidan N and Kaiser, {\L}ukasz and Polosukhin, Illia},
  journal={Advances in neural information processing systems},
  volume={30},
  year={2017}
}


@article{devlin2018bert,
  title={Bert: Pre-training of deep bidirectional transformers for language understanding},
  author={Devlin, Jacob and Chang, Ming-Wei and Lee, Kenton and Toutanova, Kristina},
  journal={arXiv preprint arXiv:1810.04805},
  year={2018}
}

@article{radford2018improving,
  title={Improving language understanding by generative pre-training},
  author={Radford, Alec and Narasimhan, Karthik and Salimans, Tim and Sutskever, Ilya and others},
  year={2018},
  publisher={OpenAI}
}

@article{brown2020language,
  title={Language models are few-shot learners},
  author={Brown, Tom and Mann, Benjamin and Ryder, Nick and Subbiah, Melanie and Kaplan, Jared D and Dhariwal, Prafulla and Neelakantan, Arvind and Shyam, Pranav and Sastry, Girish and Askell, Amanda and others},
  journal={Advances in neural information processing systems},
  volume={33},
  pages={1877--1901},
  year={2020}
}


@article{le2023bloom,
  title={Bloom: A 176b-parameter open-access multilingual language model},
  author={Le Scao, Teven and Fan, Angela and Akiki, Christopher and Pavlick, Ellie and Ili, Suzana and Hesslow, Daniel and Castagn, Roman and Luccioni, Alexandra Sasha and Yvon, Franois and Gall, Matthias and others},
  year={2023}
}


@article{touvron2023llama,
  title={Llama: Open and efficient foundation language models},
  author={Touvron, Hugo and Lavril, Thibaut and Izacard, Gautier and Martinet, Xavier and Lachaux, Marie-Anne and Lacroix, Timothée and Roziére, Baptiste and Goyal, Naman and Hambro, Eric and Azhar, Faisal and others},
  journal={arXiv preprint arXiv:2302.13971},
  year={2023}
}