@article{hu2021networks,
  title={Networks of news and cross-sectional returns},
  author={Hu, Junjie and H{\"a}rdle, Wolfgang Karl},
  journal={arXiv preprint arXiv:2108.05721},
  year={2021}
}