@article{Rad2016,
  title = {The profitability of pairs trading strategies: distance, cointegration and copula methods},
  volume = {16},
  ISSN = {1469-7696},
  url = {http://dx.doi.org/10.1080/14697688.2016.1164337},
  DOI = {10.1080/14697688.2016.1164337},
  number = {10},
  journal = {Quantitative Finance},
  publisher = {Informa UK Limited},
  author = {Rad,  Hossein and Low,  Rand Kwong Yew and Faff,  Robert},
  year = {2016},
  month = apr,
  pages = {1541-1558}
}

@article{Xie2016,
  title = {Pairs Trading with Copulas},
  volume = {11},
  ISSN = {2168-8427},
  url = {http://dx.doi.org/10.3905/jot.2016.11.3.041},
  DOI = {10.3905/jot.2016.11.3.041},
  number = {3},
  journal = {The Journal of Trading},
  publisher = {Pageant Media US},
  author = {Xie,  Wenjun and Liew,  Rong Qi and Wu,  Yuan and Zou,  Xi},
  year = {2016},
  month = jun,
  pages = {41-52}
}

@article{Liew2013,
  title = {Pairs trading: A copula approach},
  volume = {19},
  ISSN = {1753-965X},
  url = {http://dx.doi.org/10.1057/jdhf.2013.1},
  DOI = {10.1057/jdhf.2013.1},
  number = {1},
  journal = {Journal of Derivatives \& Hedge Funds},
  publisher = {Springer Science and Business Media LLC},
  author = {Liew,  Rong Qi and Wu,  Yuan},
  year = {2013},
  month = feb,
  pages = {12-30}
}

@book{alexander2008market,
  title={Market risk analysis, Practical Financial Econometrics},
  author={Alexander, Carol},
  year={2008},
  publisher={John Wiley \& Sons}
}


@article{Alexander1999,
  title = {Optimal hedging using cointegration},
  volume = {357},
  ISSN = {1471-2962},
  url = {http://dx.doi.org/10.1098/rsta.1999.0416},
  DOI = {10.1098/rsta.1999.0416},
  number = {1758},
  journal = {Philosophical Transactions of the Royal Society of London. Series A: Mathematical,  Physical and Engineering Sciences},
  publisher = {The Royal Society},
  author = {Alexander,  C.},
  editor = {Dewynne,  J. N. and Howison,  S. D. and Wilmott,  P.},
  year = {1999},
  month = aug,
  pages = {2039-2058}
}

@article{Alexander2005a,
  title = {Indexing and Statistical Arbitrage},
  volume = {31},
  ISSN = {2168-8656},
  url = {http://dx.doi.org/10.3905/jpm.2005.470578},
  DOI = {10.3905/jpm.2005.470578},
  number = {2},
  journal = {The Journal of Portfolio Management},
  publisher = {With Intelligence LLC},
  author = {Alexander,  Carol and Dimitriu,  Anca},
  year = {2005},
  month = jan,
  pages = {50-63}
}


@article{Alexander2005b,
  title = {Indexing,  cointegration and equity market regimes},
  volume = {10},
  ISSN = {1099-1158},
  url = {http://dx.doi.org/10.1002/ijfe.261},
  DOI = {10.1002/ijfe.261},
  number = {3},
  journal = {International Journal of Finance \& Economics},
  publisher = {Wiley},
  author = {Alexander,  Carol and Dimitriu,  Anca},
  year = {2005},
  pages = {213-231}
}


@article{Alexander2002,
  title = {The Cointegration Alpha: Enhanced Index Tracking and Long-Short Equity Market Neutral Strategies},
  ISSN = {1556-5068},
  url = {http://dx.doi.org/10.2139/ssrn.315619},
  DOI = {10.2139/ssrn.315619},
  journal = {SSRN Electronic Journal},
  publisher = {Elsevier BV},
  author = {Alexander,  Carol and Dimitriu,  Anca},
  year = {2002}
}

@article{Li2024,
  title = {Statistical Arbitrage in Rank Space},
  url = {http://dx.doi.org/10.2139/ssrn.4980950},
  DOI = {10.2139/ssrn.4980950},
  publisher = {Elsevier BV},
  author = {Li,  Yingfei and Papanicolaou,  George},
  year = {2024}
}

@article{GuijarroOrdonez2021,
  title = {Deep Learning Statistical Arbitrage},
  ISSN = {1556-5068},
  url = {http://dx.doi.org/10.2139/ssrn.3862004},
  DOI = {10.2139/ssrn.3862004},
  journal = {Management Science (forthcoming)},
  publisher = {Elsevier BV},
  author = {Guijarro-Ordonez, Jorge and Pelger, Markus and Zanotti, Greg},
  year = {2021},
}

@article{Bradrania2021,
  title = {State-dependent stock selection in index tracking: a machine learning approach},
  volume = {36},
  ISSN = {2373-8529},
  url = {http://dx.doi.org/10.1007/s11408-021-00391-7},
  DOI = {10.1007/s11408-021-00391-7},
  number = {1},
  journal = {Financial Markets and Portfolio Management},
  publisher = {Springer Science and Business Media LLC},
  author = {Bradrania,  Reza and Pirayesh Neghab,  Davood and Shafizadeh,  Mojtaba},
  year = {2021},
  month = apr,
  pages = {1-28}
}

@article{Shu2020,
  title = {High-dimensional index tracking based on the adaptive elastic net},
  volume = {20},
  ISSN = {1469-7696},
  url = {http://dx.doi.org/10.1080/14697688.2020.1737328},
  DOI = {10.1080/14697688.2020.1737328},
  number = {9},
  journal = {Quantitative Finance},
  publisher = {Informa UK Limited},
  author = {Shu,  Lianjie and Shi,  Fangquan and Tian,  Guoliang},
  year = {2020},
  month = apr,
  pages = {1513-1530}
}

@misc{vidyamurthy2004pairs,
  title={Pairs trading: Quantitative methods and analysis},
  author={Vidyamurthy, G},
  year={2004},
  publisher={Wesley}
}



@article{Cartea2015,
  title = {Algorithmic Trading of Co-Integrated Assets},
  ISSN = {1556-5068},
  url = {http://dx.doi.org/10.2139/ssrn.2637883},
  DOI = {10.2139/ssrn.2637883},
  journal = {SSRN Electronic Journal},
  publisher = {Elsevier BV},
  author = {Cartea,  Alvaro and Jaimungal,  Sebastian},
  year = {2015}
}

@article{Lintilhac2016,
  title = {Model-based pairs trading in the bitcoin markets},
  volume = {17},
  ISSN = {1469-7696},
  url = {http://dx.doi.org/10.1080/14697688.2016.1231928},
  DOI = {10.1080/14697688.2016.1231928},
  number = {5},
  journal = {Quantitative Finance},
  publisher = {Informa UK Limited},
  author = {Lintilhac,  P. S. and Tourin,  A.},
  year = {2016},
  month = nov,
  pages = {703-716}
}

@article{Huck2014,
  title = {Pairs trading and selection methods: is cointegration superior?},
  volume = {47},
  ISSN = {1466-4283},
  url = {http://dx.doi.org/10.1080/00036846.2014.975417},
  DOI = {10.1080/00036846.2014.975417},
  number = {6},
  journal = {Applied Economics},
  publisher = {Informa UK Limited},
  author = {Huck,  Nicolas and Afawubo,  Komivi},
  year = {2014},
  month = nov,
  pages = {599-613}
}

@article{Gatev2006,
  title = {Pairs Trading: Performance of a Relative-Value Arbitrage Rule},
  volume = {19},
  ISSN = {1465-7368},
  url = {http://dx.doi.org/10.1093/rfs/hhj020},
  DOI = {10.1093/rfs/hhj020},
  number = {3},
  journal = {Review of Financial Studies},
  publisher = {Oxford University Press (OUP)},
  author = {Gatev,  Evan and Goetzmann,  William N. and Rouwenhorst,  K. Geert},
  year = {2006},
  pages = {797-827}
}

@article{Elliott2005,
  title = {Pairs trading},
  volume = {5},
  ISSN = {1469-7696},
  url = {http://dx.doi.org/10.1080/14697680500149370},
  DOI = {10.1080/14697680500149370},
  number = {3},
  journal = {Quantitative Finance},
  publisher = {Informa UK Limited},
  author = {Elliott,  Robert J. and Van Der Hoek,  John and Malcolm,  William P.},
  year = {2005},
  month = jun,
  pages = {271-276}
}

@article{Chen2019,
  title = {Empirical Investigation of an Equity Pairs Trading Strategy},
  volume = {65},
  ISSN = {1526-5501},
  url = {http://dx.doi.org/10.1287/mnsc.2017.2825},
  DOI = {10.1287/mnsc.2017.2825},
  number = {1},
  journal = {Management Science},
  publisher = {Institute for Operations Research and the Management Sciences (INFORMS)},
  author = {Chen,  Huafeng (Jason) and Chen,  Shaojun (Jenny) and Chen,  Zhuo and Li,  Feng},
  year = {2019},
  month = jan,
  pages = {370-389}
}

@article{Do2010,
  title = {Does Simple Pairs Trading Still Work?},
  volume = {66},
  ISSN = {1938-3312},
  url = {http://dx.doi.org/10.2469/faj.v66.n4.1},
  DOI = {10.2469/faj.v66.n4.1},
  number = {4},
  journal = {Financial Analysts Journal},
  publisher = {Informa UK Limited},
  author = {Do,  Binh and Faff,  Robert},
  year = {2010},
  month = jul,
  pages = {83-95}
}

@article{Johansson2024,
  title = {Finding moving-band statistical arbitrages via convex-concave optimization},
  ISSN = {1573-2924},
  url = {http://dx.doi.org/10.1007/s11081-024-09933-0},
  DOI = {10.1007/s11081-024-09933-0},
  journal = {Optimization and Engineering},
  publisher = {Springer Science and Business Media LLC},
  author = {Johansson,  Kasper and Schmelzer,  Thomas and Boyd,  Stephen},
  year = {2024},
  month = oct 
}

@article{Zeng2014,
  title = {Pairs trading: optimal thresholds and profitability},
  volume = {14},
  ISSN = {1469-7696},
  url = {http://dx.doi.org/10.1080/14697688.2014.917806},
  DOI = {10.1080/14697688.2014.917806},
  number = {11},
  journal = {Quantitative Finance},
  publisher = {Informa UK Limited},
  author = {Zeng,  Zhengqin and Lee,  Chi-Guhn},
  year = {2014},
  month = oct,
  pages = {1881-1893}
}

@article{Sarmento2020,
  title = {Enhancing a Pairs Trading strategy with the application of Machine Learning},
  volume = {158},
  ISSN = {0957-4174},
  url = {http://dx.doi.org/10.1016/j.eswa.2020.113490},
  DOI = {10.1016/j.eswa.2020.113490},
  journal = {Expert Systems with Applications},
  publisher = {Elsevier BV},
  author = {Sarmento,  Simão Moraes and Horta,  Nuno},
  year = {2020},
  month = nov,
  pages = {113490}
}

@article{Caldeira2013,
  title = {Selection of a Portfolio of Pairs Based on Cointegration: A Statistical Arbitrage Strategy},
  ISSN = {1556-5068},
  url = {http://dx.doi.org/10.2139/ssrn.2196391},
  DOI = {10.2139/ssrn.2196391},
  journal = {SSRN Electronic Journal},
  publisher = {Elsevier BV},
  author = {Caldeira,  João and Moura,  Guilherme V.},
  year = {2013}
}

@article{Avellaneda2010,
  title = {Statistical arbitrage in the US equities market},
  volume = {10},
  ISSN = {1469-7696},
  url = {http://dx.doi.org/10.1080/14697680903124632},
  DOI = {10.1080/14697680903124632},
  number = {7},
  journal = {Quantitative Finance},
  publisher = {Informa UK Limited},
  author = {Avellaneda,  Marco and Lee,  Jeong-Hyun},
  year = {2010},
  month = aug,
  pages = {761-782}
}

@inproceedings{do2006new,
  title={A new approach to modeling and estimation for pairs trading},
  author={Do, Binh and Faff, Robert and Hamza, Kais},
  booktitle={Proceedings of 2006 financial management association European conference},
  volume={1},
  pages={87--99},
  year={2006},
  organization={Citeseer}
}


@article{Bowen2014,
  title = {Pairs trading in the UK equity market: risk and return},
  volume = {22},
  ISSN = {1466-4364},
  url = {http://dx.doi.org/10.1080/1351847X.2014.953698},
  DOI = {10.1080/1351847x.2014.953698},
  number = {14},
  journal = {The European Journal of Finance},
  publisher = {Informa UK Limited},
  author = {Bowen,  David A. and Hutchinson,  Mark C.},
  year = {2014},
  month = sep,
  pages = {1363-1387}
}


%%%%%%%%%%%%%%%%%%%%%%%%%%%%%%%%%%%%%%%%%%%%%%%%%%%%%

@article{SabinodaSilva2023,
  title = {A pairs trading strategy based on mixed copulas},
  volume = {87},
  ISSN = {1062-9769},
  url = {http://dx.doi.org/10.1016/j.qref.2022.10.007},
  DOI = {10.1016/j.qref.2022.10.007},
  journal = {The Quarterly Review of Economics and Finance},
  publisher = {Elsevier BV},
  author = {Sabino da Silva,  Fernando A.B. and Ziegelmann,  Flavio A. and Caldeira,  João F.},
  year = {2023},
  month = feb,
  pages = {16-34}
}

@article{Tadi2025,
  title = {Copula-based trading of cointegrated cryptocurrency Pairs},
  volume = {11},
  ISSN = {2199-4730},
  url = {http://dx.doi.org/10.1186/s40854-024-00702-7},
  DOI = {10.1186/s40854-024-00702-7},
  number = {1},
  journal = {Financial Innovation},
  publisher = {Springer Science and Business Media LLC},
  author = {Tadi,  Masood and Witzany,  Jiri},
  year = {2025},
  month = jan 
}

@inproceedings{lau2016multi,
  title={Multi-dimensional pairs trading using copulas},
  author={Lau, CA and Xie, W and Wu, Y},
  booktitle={European Financial Management Association 2016 Annual Meetings June},
  year={2016}
}


@article{stander2013trading,
  title={Trading strategies with copulas},
  author={Stander, Yolanda and Marais, Dani{\"e}l and Botha, Ilse},
  journal={Journal of Economic and Financial Sciences},
  volume={6},
  number={1},
  pages={83--107},
  year={2013},
  publisher={AOSIS}
}

@article{Krauss2017,
  title = {Non-linear dependence modelling with bivariate copulas: statistical arbitrage pairs trading on the S\&P 100},
  volume = {49},
  ISSN = {1466-4283},
  url = {http://dx.doi.org/10.1080/00036846.2017.1305097},
  DOI = {10.1080/00036846.2017.1305097},
  number = {52},
  journal = {Applied Economics},
  publisher = {Informa UK Limited},
  author = {Krauss,  Christopher and St\"{u}binger,  Johannes},
  year = {2017},
  month = apr,
  pages = {5352-5369}
}

@article{He2024,
  title = {Investigation of multivariate pairs trading under copula approach with mixture distribution},
  volume = {472},
  ISSN = {0096-3003},
  url = {http://dx.doi.org/10.1016/j.amc.2024.128635},
  DOI = {10.1016/j.amc.2024.128635},
  journal = {Applied Mathematics and Computation},
  publisher = {Elsevier BV},
  author = {He,  Fuli and Yarahmadi,  Ali and Soleymani,  Fazlollah},
  year = {2024},
  month = jul,
  pages = {128635}
}

@inproceedings{Wang2023,
  title = {Pairs trading strategy based on Copula-GARCH model},
  volume = {2977},
  ISSN = {0094-243X},
  url = {http://dx.doi.org/10.1063/5.0181010},
  DOI = {10.1063/5.0181010},
  booktitle = {4TH International Scientific Conference of Alkafeel University (ISCKU 2022)},
  publisher = {AIP Publishing},
  author = {Wang,  Pengwei and Ding,  Xiaoquan},
  year = {2023},
  pages = {080001}
}

@inproceedings{Chu2018,
  title = {Mining Profitable High Frequency Pairs Trading Forex Signal Using Copula and Deep Neural Network},
  url = {http://dx.doi.org/10.1109/SNPD.2018.8441125},
  DOI = {10.1109/snpd.2018.8441125},
  booktitle = {2018 19th IEEE/ACIS International Conference on Software Engineering,  Artificial Intelligence,  Networking and Parallel/Distributed Computing (SNPD)},
  publisher = {IEEE},
  author = {Chu,  Carlin C.F. and Chan,  Po Kin},
  year = {2018},
  month = jun,
  pages = {312-316}
}

@article{Krauss2016,
  title = {Statistical arbitrage pairs trading strategies: review and outlook},
  volume = {31},
  ISSN = {1467-6419},
  url = {http://dx.doi.org/10.1111/joes.12153},
  DOI = {10.1111/joes.12153},
  number = {2},
  journal = {Journal of Economic Surveys},
  publisher = {Wiley},
  author = {Krauss,  Christopher},
  year = {2016},
  month = may,
  pages = {513-545}
}

@article{Min2010,
  title = {Bayesian Inference for Multivariate Copulas Using Pair-Copula Constructions},
  volume = {8},
  ISSN = {1479-8417},
  url = {http://dx.doi.org/10.1093/jjfinec/nbp031},
  DOI = {10.1093/jjfinec/nbp031},
  number = {4},
  journal = {Journal of Financial Econometrics},
  publisher = {Oxford University Press (OUP)},
  author = {Min,  A. and Czado,  C.},
  year = {2010},
  month = may,
  pages = {511-546}
}

@article{Han2023,
  title = {Pairs trading via unsupervised learning},
  volume = {307},
  ISSN = {0377-2217},
  url = {http://dx.doi.org/10.1016/j.ejor.2022.09.041},
  DOI = {10.1016/j.ejor.2022.09.041},
  number = {2},
  journal = {European Journal of Operational Research},
  publisher = {Elsevier BV},
  author = {Han,  Chulwoo and He,  Zhaodong and Toh,  Alenson Jun Wei},
  year = {2023},
  month = jun,
  pages = {929-947}
}

@article{qureshi2024pairs,
  title={Pairs Trading Using a Novel Graphical Matching Approach},
  author={Qureshi, Khizar and Zaman, Tauhid},
  journal={arXiv preprint arXiv:2403.07998},
  year={2024}
}

@techreport{zhi2017dynamic,
  title={Dynamic Copula Framework for Pairs Trading},
  author={Zhi, Toh Zhao and Wenjun, Xie and Yuan, Wu and Liming, Xiang},
  year={2017},
  institution={Working Paper}
}


@manual{hudsonthames2024,
  title        = {The Definitive Guide to Pairs Trading},
  author       = {Joubert, Jacques and Proskurin, Olexandr and Barziy, Illya and Pervushyna, Valeriia and Pei, Hansen and Wang, Yefeng},
  year         = {2021},
  url          = {https://github.com/hudson-and-thames/definitive_guide_to_pairs_trading/blob/main/Definitive_Guide_to_Pairs_Trading.pdf},
}

@article{Roychoudhury2023,
  title = {Pairs Trading Using Clustering and Deep Reinforcement Learning},
  ISSN = {1556-5068},
  url = {http://dx.doi.org/10.2139/ssrn.4504599},
  DOI = {10.2139/ssrn.4504599},
  journal = {SSRN Electronic Journal},
  publisher = {Elsevier BV},
  author = {Roychoudhury,  Raktim and Bhagtani,  Rahul and Daftari,  Aditya},
  year = {2023}
}


@article{Rotondi2025,
  title = {Machine Learning for Pairs Trading: a Clustering-based Approach},
  url = {http://dx.doi.org/10.2139/ssrn.5080998},
  DOI = {10.2139/ssrn.5080998},
  publisher = {Elsevier BV},
  author = {Rotondi,  Francesco and Russo,  Federico},
  year = {2025}
}

@article{Beck2009,
  title = {A Fast Iterative Shrinkage-Thresholding Algorithm for Linear Inverse Problems},
  volume = {2},
  ISSN = {1936-4954},
  url = {http://dx.doi.org/10.1137/080716542},
  DOI = {10.1137/080716542},
  number = {1},
  journal = {SIAM Journal on Imaging Sciences},
  publisher = {Society for Industrial & Applied Mathematics (SIAM)},
  author = {Beck,  Amir and Teboulle,  Marc},
  year = {2009},
  month = jan,
  pages = {183-202}
}