@article{fama1970efficient, title={Efficient Capital Markets: A Review of Theory and Empirical Work}, volume={25}, ISSN={0022-1082}, url={http://dx.doi.org/10.2307/2325486}, DOI={10.2307/2325486}, number={2}, journal={The Journal of Finance}, publisher={JSTOR}, author={Fama, Eugene F.}, year={1970}, month=may, pages={383} }

@article{tetlock2007giving,
  title = {Giving Content to Investor Sentiment: The Role of Media in the Stock Market},
  volume = {62},
  ISSN = {1540-6261},
  url = {http://dx.doi.org/10.1111/j.1540-6261.2007.01232.x},
  DOI = {10.1111/j.1540-6261.2007.01232.x},
  number = {3},
  journal = {The Journal of Finance},
  publisher = {Wiley},
  author = {Tetlock, Paul C},
  year = {2007},
  month = may,
  pages = {1139-1168}
}

@article{tetlock2008more,
  title = {More Than Words: Quantifying Language to Measure Firms' Fundamentals},
  volume = {63},
  ISSN = {1540-6261},
  url = {http://dx.doi.org/10.1111/j.1540-6261.2008.01362.x},
  DOI = {10.1111/j.1540-6261.2008.01362.x},
  number = {3},
  journal = {The Journal of Finance},
  publisher = {Wiley},
  author={Tetlock, Paul C and Saar-Tsechansky, Maytal and Macskassy, Sofus},
  year = {2008},
  month = may,
  pages = {1437-1467}
}

@article{bollen2011twitter, title={Twitter mood predicts the stock market}, volume={2}, ISSN={1877-7503}, url={http://dx.doi.org/10.1016/j.jocs.2010.12.007}, DOI={10.1016/j.jocs.2010.12.007}, number={1}, journal={Journal of Computational Science}, publisher={Elsevier BV}, author={Bollen, Johan and Mao, Huina and Zeng, Xiaojun}, year={2011}, month=mar, pages={1-“8} }

@article{hanley2010information, title={The Information Content of IPO Prospectuses}, volume={23}, ISSN={1465-7368}, url={http://dx.doi.org/10.1093/rfs/hhq024}, DOI={10.1093/rfs/hhq024}, number={7}, journal={Review of Financial Studies}, publisher={Oxford University Press (OUP)}, author={Hanley, Kathleen Weiss and Hoberg, Gerard}, year={2010}, month=apr, pages={2821-“2864} }

@article{loughran2011liability,
  title = {When Is a Liability Not a Liability? Textual Analysis,  Dictionaries,  and 10Ks},
  volume = {66},
  ISSN = {1540-6261},
  url = {http://dx.doi.org/10.1111/j.1540-6261.2010.01625.x},
  DOI = {10.1111/j.1540-6261.2010.01625.x},
  number = {1},
  journal = {The Journal of Finance},
  publisher = {Wiley},
  author = {Loughran, Tim and McDonald, Bill},
  year = {2011},
  month = jan,
  pages = {35-65}
}

@article{garcia2013sentiment,
  title = {Sentiment during Recessions},
  volume = {68},
  ISSN = {1540-6261},
  url = {http://dx.doi.org/10.1111/jofi.12027},
  DOI = {10.1111/jofi.12027},
  number = {3},
  journal = {The Journal of Finance},
  publisher = {Wiley},
  author = {Garcia,  Diego},
  year = {2013},
  month = may,
  pages = {1267-1300}
}

@article{jegadeesh2013word,
  title = {Word power: A new approach for content analysis},
  volume = {110},
  ISSN = {0304-405X},
  url = {http://dx.doi.org/10.1016/j.jfineco.2013.08.018},
  DOI = {10.1016/j.jfineco.2013.08.018},
  number = {3},
  journal = {Journal of Financial Economics},
  publisher = {Elsevier BV},
  author = {Jegadeesh,  Narasimhan and Wu,  Di},
  year = {2013},
  month = dec,
  pages = {712-729}
}

@inproceedings{wei2018stock, title={Stock Trend Prediction using Financial Market News and BERT}, url={http://dx.doi.org/10.5220/0010172103190326}, DOI={10.5220/0010172103190326}, booktitle={Proceedings of the 12th International Joint Conference on Knowledge Discovery, Knowledge Engineering and Knowledge Management}, publisher={SCITEPRESS - Science and Technology Publications}, author={Wei, Feng and Nguyen, Uyen}, year={2020}, pages={319-“326} }

@techreport{ke2019predicting, title={Predicting Returns With Text Data}, url={http://dx.doi.org/10.3386/w26186}, DOI={10.3386/w26186}, institution={National Bureau of Economic Research}, author={Ke, Zheng Tracy and Kelly, Bryan and Xiu, Dacheng}, year={2019}, month=aug }

@inproceedings{lee2020bert, title={BERT-Based Stock Market Sentiment Analysis}, url={http://dx.doi.org/10.1109/icce-taiwan49838.2020.9258102}, DOI={10.1109/icce-taiwan49838.2020.9258102}, booktitle={2020 IEEE International Conference on Consumer Electronics - Taiwan (ICCE-Taiwan)}, publisher={IEEE}, author={Lee, Chien-Cheng and Gao, Zhongjian and Tsai, Chun-Li}, year={2020}, month=sep, pages={1-“2} }

@article{lopez2023can, title={Can ChatGPT Forecast Stock Price Movements? Return Predictability and Large Language Models}, ISSN={1556-5068}, url={http://dx.doi.org/10.2139/ssrn.4412788}, DOI={10.2139/ssrn.4412788}, journal={SSRN Electronic Journal}, publisher={Elsevier BV}, author={Lopez-Lira, Alejandro and Tang, Yuehua}, year={2023} }

@article{antweiler2006us, title={Do US Stock Markets Typically Overreact to Corporate News Stories?}, ISSN={1556-5068}, url={http://dx.doi.org/10.2139/ssrn.878091}, DOI={10.2139/ssrn.878091}, journal={SSRN Electronic Journal}, publisher={Elsevier BV}, author={Antweiler, Werner and Frank, Murray Z.}, year={2006} }

@article{hansen2018transparency, title={Transparency and Deliberation Within the FOMC: A Computational Linguistics Approach*}, volume={133}, ISSN={1531-4650}, url={http://dx.doi.org/10.1093/qje/qjx045}, DOI={10.1093/qje/qjx045}, number={2}, journal={The Quarterly Journal of Economics}, publisher={Oxford University Press (OUP)}, author={Hansen, Stephen and McMahon, Michael and Prat, Andrea}, year={2018}, month=may, pages={801-“870} }

@article{bybee2021business,
  title = {Business News and Business Cycles},
  volume = {79},
  ISSN = {1540-6261},
  url = {http://dx.doi.org/10.1111/jofi.13377},
  DOI = {10.1111/jofi.13377},
  number = {5},
  journal = {The Journal of Finance},
  publisher = {Wiley},
  author = {Bybee, Leland and Kelly, Bryan and Manela, Asaf and Xiu, Dacheng},
  year = {2024},
  month = aug,
  pages = {3105-3147}
}

@article{bybee2023narrative,
  title = {Narrative Asset Pricing: Interpretable Systematic Risk Factors from News Text},
  volume = {36},
  ISSN = {1465-7368},
  url = {http://dx.doi.org/10.1093/rfs/hhad042},
  DOI = {10.1093/rfs/hhad042},
  number = {12},
  journal = {The Review of Financial Studies},
  publisher = {Oxford University Press (OUP)},
  author = {Bybee, Leland and Kelly, Bryan and Su, Yinan},
  editor = {Ramadorai,  Tarun},
  year = {2023},
  month = may,
  pages = {4759-4787}
}

@article{hoberg2016text,
  title = {Text-Based Network Industries and Endogenous Product Differentiation},
  volume = {124},
  ISSN = {1537-534X},
  url = {http://dx.doi.org/10.1086/688176},
  DOI = {10.1086/688176},
  number = {5},
  journal = {Journal of Political Economy},
  publisher = {University of Chicago Press},
  author = {Hoberg,  Gerard and Phillips,  Gordon},
  year = {2016},
  month = oct,
  pages = {1423-1465}
}

@article{chen2021stock,
  title={Stock movement prediction with financial news using contextualized embedding from BERT},
  author={Chen, Qinkai},
  journal={arXiv preprint arXiv:2107.08721},
  year={2021}, 
  doi = {10.48550/ARXIV.2107.08721},
  url = {https://arxiv.org/abs/2107.08721},
}


% @inproceedings{Xu_2022, title={Overnight Stock Movement Prediction with Contextualized Embedding Incorporating News and Stock}, url={http://dx.doi.org/10.1109/gcce56475.2022.10014070}, DOI={10.1109/gcce56475.2022.10014070}, booktitle={2022 IEEE 11th Global Conference on Consumer Electronics (GCCE)}, publisher={IEEE}, author={Xu, Junjie H. and An, Shiwen and Lyu, Liangcheng and Bai, Yiming}, year={2022}, month=oct, pages={476-“478} }

@article{jha2022does, title={Does Finance Benefit Society? A Language Embedding Approach}, ISSN={1556-5068}, url={http://dx.doi.org/10.2139/ssrn.3655263}, DOI={10.2139/ssrn.3655263}, journal={Review of Financial Studies, Forthcoming}, publisher={Oxford University Press (OUP)}, author={Jha, Manish and Liu, Hongyi and Manela, Asaf}, year={2024} }

@article{benincasa2022different, title={Different Shades of Green: Estimating the Green Bond Premium using Natural Language Processing}, ISSN={1556-5068}, url={http://dx.doi.org/10.2139/ssrn.4198065}, DOI={10.2139/ssrn.4198065}, journal={SSRN Electronic Journal}, publisher={Elsevier BV}, author={Benincasa, Emanuela and Fu, Jonathan and Mishra, Mrinal and Paranjape, Adityavardhan}, year={2022} }

@article{zhang2023feel, title={Feel the Market: An Attempt to Identify Additional Factor in the Capital Asset Pricing Model (CAPM) Using Generative Pre-Trained Transformer (GPT) and Bidirectional Encoder Representations from Transformers (BERT)}, ISSN={1556-5068}, url={http://dx.doi.org/10.2139/ssrn.4521946}, DOI={10.2139/ssrn.4521946}, journal={SSRN Electronic Journal}, publisher={Elsevier BV}, author={Zhang, Christopher Lingwei}, year={2023} }

@article{gabaix2023asset, title={Asset Embeddings}, ISSN={1556-5068}, url={http://dx.doi.org/10.2139/ssrn.4507511}, DOI={10.2139/ssrn.4507511}, journal={SSRN Electronic Journal}, publisher={Elsevier BV}, author={Gabaix, Xavier and Koijen, Ralph S. J. and Yogo, Motohiro}, year={2023} }

@book{cutler1988moves, title={What Moves Stock Prices?}, url={http://dx.doi.org/10.3386/w2538}, DOI={10.3386/w2538}, institution={National Bureau of Economic Research}, author={Cutler, David and Poterba, James and Summers, Lawrence}, year={1988}, month=mar }

@article{mitchell1994impact, title={The Impact of Public Information on the Stock Market}, volume={49}, ISSN={0022-1082}, url={http://dx.doi.org/10.2307/2329211}, DOI={10.2307/2329211}, number={3}, journal={The Journal of Finance}, publisher={JSTOR}, author={Mitchell, Mark L. and Mulherin, J. Harold}, year={1994}, month=jul, pages={923-950} }

@article{baker2016measuring,
  title = {Measuring Economic Policy Uncertainty},
  volume = {131},
  ISSN = {0033-5533},
  url = {http://dx.doi.org/10.1093/qje/qjw024},
  DOI = {10.1093/qje/qjw024},
  number = {4},
  journal = {The Quarterly Journal of Economics},
  publisher = {Oxford University Press (OUP)},
  author = {Baker,  Scott R. and Bloom,  Nicholas and Davis,  Steven J.},
  year = {2016},
  month = jul,
  pages = {1593-1636}
}

@article{manela2017news,
  title = {News implied volatility and disaster concerns},
  volume = {123},
  ISSN = {0304-405X},
  url = {http://dx.doi.org/10.1016/j.jfineco.2016.01.032},
  DOI = {10.1016/j.jfineco.2016.01.032},
  number = {1},
  journal = {Journal of Financial Economics},
  publisher = {Elsevier BV},
  author = {Manela,  Asaf and Moreira,  Alan},
  year = {2017},
  month = jan,
  pages = {137-162}
}

@book{baker2021triggers, title={What Triggers Stock Market Jumps?}, url={http://dx.doi.org/10.3386/w28687}, DOI={10.3386/w28687}, institution={National Bureau of Economic Research}, author={Baker, Scott and Bloom, Nicholas and Davis, Steven and Sammon, Marco}, year={2021}, month=apr }


@article{chan2003stock,
  title = {Stock price reaction to news and no-news: drift and reversal after headlines},
  volume = {70},
  ISSN = {0304-405X},
  url = {http://dx.doi.org/10.1016/S0304-405X(03)00146-6},
  DOI = {10.1016/s0304-405x(03)00146-6},
  number = {2},
  journal = {Journal of Financial Economics},
  publisher = {Elsevier BV},
  author = {Chan,  Wesley S.},
  year = {2003},
  month = nov,
  pages = {223-260}
}
 
@inproceedings{oncharoen2018deep, title={Deep Learning for Stock Market Prediction Using Event Embedding and Technical Indicators}, url={http://dx.doi.org/10.1109/icaicta.2018.8541310}, DOI={10.1109/icaicta.2018.8541310}, booktitle={2018 5th International Conference on Advanced Informatics: Concept Theory and Applications (ICAICTA)}, publisher={IEEE}, author={Oncharoen, Pisut and Vateekul, Peerapon}, year={2018}, month=aug, pages={19-“24} }

@book{ke2019predicting, title={Predicting Returns With Text Data}, url={http://dx.doi.org/10.3386/w26186}, DOI={10.3386/w26186}, institution={National Bureau of Economic Research}, author={Ke, Zheng Tracy and Kelly, Bryan and Xiu, Dacheng}, year={2019}, month=aug }

